<record xmlns="http://www.loc.gov/MARC21/slim" xmlns:xsi="http://www.w3.org/2001/XMLSchema-instance" xsi:schemaLocation="http://www.loc.gov/MARC21/slim http://www.loc.gov/standards/marcxml/schema/MARC21slim.xsd"><leader>02037nam a2200385   4500</leader><controlfield tag="001">3068493</controlfield><controlfield tag="003">NNC</controlfield><controlfield tag="006">m        d        </controlfield><controlfield tag="007">cr cn |||m|||a</controlfield><controlfield tag="008">150223s1949    ua      ob    000 0 arao </controlfield><datafield ind1=" " ind2=" " tag="040"><subfield code="a">NNU</subfield><subfield code="b">eng</subfield><subfield code="e">rda</subfield><subfield code="c">NNU</subfield></datafield><datafield ind1=" " ind2=" " tag="043"><subfield code="a">f-ua---</subfield></datafield><datafield ind1=" " ind2="4" tag="050"><subfield code="a">DT76.8</subfield><subfield code="b">.Z82</subfield></datafield><datafield ind1="1" ind2=" " tag="100"><subfield code="6">880-01</subfield><subfield code="a">Ziya&#772;dah, Muh&#803;ammad Mus&#803;t&#803;afa&#769;.</subfield></datafield><datafield ind1="1" ind2="3" tag="245"><subfield code="6">880-02</subfield><subfield code="a">al-Mu&#700;arrikhu&#772;n fi&#772; Mis&#803;r fi&#772; al-qarn al-kha&#772;mis &#699;ashar al-Mila&#772;di&#772; al-qarn al-ta&#772;si&#699; &#699;ashar al-Hijri&#772; /</subfield><subfield code="c">[ta&#700;li&#772;f] Muh&#803;ammad Mus&#803;t&#803;afa&#769; Ziya&#772;dah.</subfield></datafield><datafield ind1=" " ind2=" " tag="260"><subfield code="6">880-03</subfield><subfield code="a">al-Qa&#772;hirah :</subfield><subfield code="b">Lajnat al-Ta&#700;li&#772;f wa-al-Tarjamah wa-al-Nashr,</subfield><subfield code="c">1949.</subfield></datafield><datafield ind1=" " ind2=" " tag="300"><subfield code="a">online resource (12, 111 pages)</subfield></datafield><datafield ind1=" " ind2=" " tag="336"><subfield code="a">text</subfield><subfield code="2">rdacontent</subfield></datafield><datafield ind1=" " ind2=" " tag="337"><subfield code="a">computer</subfield><subfield code="2">rdamedia</subfield></datafield><datafield ind1=" " ind2=" " tag="338"><subfield code="a">online resource</subfield><subfield code="2">rdacarrier</subfield></datafield><datafield ind1=" " ind2=" " tag="500"><subfield code="a">Part of the Arabic Collections Online (ACO) project, contributed by Columbia University Libraries.</subfield></datafield><datafield ind1=" " ind2=" " tag="504"><subfield code="a">Includes bibliographical references.</subfield></datafield><datafield ind1=" " ind2=" " tag="533"><subfield code="a">Electronic reproduction.</subfield><subfield code="b">New York, N.Y. :</subfield><subfield code="c">New York University,</subfield><subfield code="d">2015.</subfield><subfield code="5">NNU</subfield></datafield><datafield ind1=" " ind2="0" tag="650"><subfield code="a">Historians</subfield><subfield code="z">Egypt.</subfield></datafield><datafield ind1=" " ind2="7" tag="650"><subfield code="a">Historians.</subfield><subfield code="2">fast</subfield><subfield code="0">(OCoLC)fst00957686</subfield></datafield><datafield ind1=" " ind2="7" tag="651"><subfield code="a">Egypt.</subfield><subfield code="2">fast</subfield><subfield code="0">(OCoLC)fst01208755</subfield></datafield><datafield ind1="2" ind2=" " tag="710"><subfield code="a">Columbia University.</subfield><subfield code="b">Libraries.</subfield></datafield><datafield ind1="0" ind2=" " tag="730"><subfield code="a">Arabic Collections Online.</subfield></datafield><datafield ind1="0" ind2="8" tag="776"><subfield code="i">Print version:</subfield><subfield code="a">Ziya&#772;dah, Muh&#803;ammad Mus&#803;t&#803;afa&#769;.</subfield><subfield code="t">al-Mu&#700;arrikhu&#772;n fi&#772; Mis&#803;r fi&#772; al-qarn al-kha&#772;mis &#699;ashar al-Mila&#772;di&#772; al-qarn al-ta&#772;si&#699; &#699;ashar al-Hijri&#772;</subfield><subfield code="w">(NNC)3068493</subfield><subfield code="w">(DLC)ne 68000853 </subfield><subfield code="w">(OCoLC)23489967</subfield></datafield><datafield ind1="4" ind2="0" tag="856"><subfield code="u">http://hdl.handle.net/2333.1/f7m0chsb</subfield></datafield><datafield ind1="1" ind2=" " tag="880"><subfield code="6">100-01/r</subfield><subfield code="a">&#1586;&#1610;&#1575;&#1583;&#1577;&#1548; &#1605;&#1581;&#1605;&#1583; &#1605;&#1589;&#1591;&#1601;&#1609;.</subfield></datafield><datafield ind1="1" ind2="2" tag="880"><subfield code="6">245-02/r</subfield><subfield code="a">&#1575;&#1604;&#1605;&#1572;&#1585;&#1582;&#1608;&#1606; &#1601;&#1610; &#1605;&#1589;&#1585; &#1601;&#1610; &#1575;&#1604;&#1602;&#1585;&#1606; &#1575;&#1604;&#1582;&#1575;&#1605;&#1587; &#1593;&#1588;&#1585; &#1575;&#1604;&#1605;&#1604;&#1575;&#1583;&#1610; &#1575;&#1604;&#1602;&#1585;&#1606; &#1575;&#1604;&#1578;&#1575;&#1587;&#1593; &#1593;&#1588;&#1585; &#1575;&#1604;&#1607;&#1580;&#1585;&#1610; /</subfield><subfield code="c">[&#1578;&#1571;&#1604;&#1610;&#1601;] &#1605;&#1581;&#1605;&#1583; &#1605;&#1589;&#1591;&#1601;&#1609; &#1586;&#1610;&#1575;&#1583;&#1577;.</subfield></datafield><datafield ind1=" " ind2=" " tag="880"><subfield code="6">260-03/r</subfield><subfield code="a">&#1575;&#1604;&#1602;&#1575;&#1607;&#1585;&#1577; :</subfield><subfield code="b">&#1604;&#1580;&#1606;&#1577; &#1575;&#1604;&#1578;&#1571;&#1604;&#1610;&#1601; &#1608;&#1575;&#1604;&#1578;&#1585;&#1580;&#1605;&#1577; &#1608;&#1575;&#1604;&#1606;&#1588;&#1585;&#1548;</subfield><subfield code="c">1949.</subfield></datafield><datafield ind1=" " ind2=" " tag="959"><subfield code="a">NNU</subfield><subfield code="b">WEB</subfield><subfield code="c">GENI</subfield><subfield code="t">0</subfield><subfield code="m">Electronic access</subfield><subfield code="s">01</subfield></datafield><datafield ind1=" " ind2=" " tag="999"><subfield code="i">NNC_3068493</subfield><subfield code="o">(OCoLC)23489967</subfield><subfield code="s">columbia_aco000050</subfield></datafield></record>